@article{RooFit,
      author         = "Verkerke, Wouter and Kirkby, David P.",
      title          = "{The RooFit toolkit for data modeling}",
      booktitle      = "{Statistical Problems in Particle Physics, Astrophysics
                        and Cosmology (PHYSTAT 05): Proceedings, Oxford, UK,
                        September 12-15, 2005}",
      volume         = "C0303241",
      year           = "2003",
      journal        = "econf",
      pages          = "MOLT007",
      eprint         = "physics/0306116",
      archivePrefix  = "arXiv",
      primaryClass   = "physics",
      reportNumber   = "CHEP-2003-MOLT007"
}

@article{ROOT,
   author         = "Brun, R. and Rademakers, F.",
   title          = "ROOT: An object oriented data analysis framework",
   NO_booktitle      = "{New computing techniques in physics research V.
   Proceedings, 5th International Workshop, AIHENP '96}",
   venue          = "Lausanne, Switzerland",
   eventdate      = "1996-09-02/1996-09-06",
   journal        = "Nucl. Instrum. Methods Phys. Res",
   number         = "A389",
   year           = "1997",
   pages          = "81-86",
   url = "https://root.cern",
}

@techreport{HistFactory,
   author        = "Cranmer, Kyle and Lewis, George and Moneta, Lorenzo and
   Shibata, Akira and Verkerke, Wouter",
   title         = "HistFactory: A tool for creating statistical models for
   use with RooFit and RooStats",
   institution   = "CERN",
   number        = "CERN-OPEN-2012-016",
   month         = "Jan",
   year          = "2012",
   reportNumber  = "CERN-OPEN-2012-016",
   url           = "https://cds.cern.ch/record/1456844",
}

@Article{Hbb,
    author         = "{ATLAS Collaboration}",
    title          = "{Search for the $b\bar{b}$ decay of the Standard Model Higgs boson in associated $(W/Z)H$ production with the ATLAS detector}",
    journal        = "JHEP",
    volume         = "01",
    year           = "2015",
    pages          = "069",
    doi            = "10.1007/JHEP01(2015)069",
    reportNumber   = "CERN-PH-EP-2014-214",
    eprint         = "1409.6212",
    archivePrefix  = "arXiv",
    primaryClass   = "hep-ex",
}

@article{VDT,
	year = 2014,
	month = {jun},
	publisher = {{IOP} Publishing},
	volume = {513},
	number = {5},
	pages = {052027},
	author = {Danilo Piparo and Vincenzo Innocente and Thomas Hauth},
	title = {Speeding up {HEP} experiment software with a library of fast and auto-vectorisable mathematical functions},
	journal        = "J. Phys. Conf. Ser.",
}

@article{Patrick,
      author         = "Bos, Patrick and others",
      title          = "RooFit parallelization efforts",
      journal        = "J. Phys. Conf. Ser.",
      volume         = "(This volume)",
      year           = "2019",
}